@book{brueckner2011lectures,
  title={Lectures on urban economics},
  author={Brueckner, Jan K},
  year={2011},
  publisher={MIT press}
}

@book{glaeser2011triumph,
  title={Triumph of the city: How urban spaces make us human},
  author={Glaeser, Edward},
  year={2011},
  publisher={Pan Macmillan}
}

@article{bauman2003city,
  title={City of fears, city of hopes},
  author={Bauman, Zygmunt},
  year={2003},
  publisher={Goldsmiths, University of London}
}

@book{jacobs1961death,
  title={The death and life of great American cities},
  author={Jacobs, Jane},
  publisher={New York: Random House},
  year={1961}
}

@article{coase2013problem,
  title={The problem of social cost},
  author={Coase, Ronald Harry},
  journal={The journal of Law and Economics},
  year={1960},
}

@phdthesis{lima2021alem,
  title={Para al{\'e}m da forma urbana. Conflitos e contradi{\c{c}}{\~o}es socioambientais da cidade compacta proposta para os eixos de adensamento do Plano Diretor Estrat{\'e}gico de S{\~a}o Paulo de 2014},
  author={Lima, Bruno Avellar Alves de},
  year={2021},
  school={Universidade de S{\~a}o Paulo}
}

@misc{PDE,
  author       = {{SÃO PAULO}},
  title        = {Lei nº 16.050, de 31 de julho de 2014},
  year         = {2014},
  subtitle     = {Aprova a Política de Desenvolvimento Urbano e o
Plano Diretor Estratégico do Município de São Paulo e revoga a Lei nº 13.430/2002},
}

@book{papageorgiou2012essay,
  title={An essay on urban economic theory},
  author={Papageorgiou, Yorgos Y and Pines, David},
  volume={1},
  year={2012},
  publisher={Springer Science \& Business Media}
}

@book{fujita1989urban,
  title={Urban economic theory},
  author={Fujita, Masahisa},
  journal={Cambridge Books},
  year={1989},
  publisher={Cambridge university press}
}